001  0000003
005  20180822173520.390
008  170107s||||     bl|||||||||||||||||por|u
020    $a9788561191962
040    $aPorto Alegre$bpor
090    $a869.0(673)-31$bR934b
100 1  $aRui, Manuel
245 11 $aA bicha e a fila$cManuel Rui, Marco Guimarães
260    $aBelo Horizonte$bNandyala$c2013
300    $a208 p.
650    $aFicção
650    $aRomance angolano-brasileiro
700 1_ $aGuimarães, Marco
